<record xmlns="http://www.loc.gov/MARC21/slim" xmlns:xsi="http://www.w3.org/2001/XMLSchema-instance" xsi:schemaLocation="http://www.loc.gov/MARC21/slim http://www.loc.gov/standards/marcxml/schema/MARC21slim.xsd">

  <leader>00936nam a2200241   4500</leader>
  <controlfield tag="008">160622b2012    cr a|||| |||| 00| | spa d</controlfield>
  <datafield tag="020" ind1=" " ind2=" ">
    <subfield code="a">9789968791168</subfield>
  </datafield>
  <datafield tag="090" ind2=" " ind1=" ">
    <subfield code="a">04.02.01 </subfield>
    <subfield code="b">2224 </subfield>
  </datafield>
  <datafield tag="100" ind1="1" ind2=" ">
    <subfield code="9">1855</subfield>
    <subfield code="a">Retana Salazar, Adriana</subfield>
  </datafield>
  <datafield ind2="0" ind1="1" tag="245">
    <subfield code="a">Política nacional en discapacidad 2011-2021 / </subfield>
    <subfield code="c">Adriana Retana Salazar, Directora Ejecutiva; Felipe Obando Obando, coordinación; Kattya López, Michelle Cordero, Yorleny Acuña</subfield>
  </datafield>
  <datafield tag="260" ind1=" " ind2=" ">
    <subfield code="a">Costa Rica : </subfield>
    <subfield code="b">Consejo Nacional de Rehabilitación y Educación Especial, </subfield>
    <subfield code="c">2012</subfield>
  </datafield>
  <datafield tag="300" ind2=" " ind1=" ">
    <subfield code="a">100 páginas; </subfield>
    <subfield code="b">ilustraciones</subfield>
  </datafield>
  <datafield tag="650" ind2="4" ind1="1">
    <subfield code="9">588</subfield>
    <subfield code="a">DERECHOS HUMANOS</subfield>
  </datafield>
  <datafield ind2="4" ind1="1" tag="650">
    <subfield code="9">1369</subfield>
    <subfield code="a">PERSONAS CON DISCAPACIDAD</subfield>
  </datafield>
  <datafield ind2="4" ind1="1" tag="650">
    <subfield code="9">420</subfield>
    <subfield code="a">EQUIDAD DE GÉNERO</subfield>
  </datafield>
  <datafield tag="650" ind2="4" ind1="1">
    <subfield code="9">958</subfield>
    <subfield code="a">POLÍTICA GUBERNAMENTAL</subfield>
  </datafield>
  <datafield tag="651" ind2="4" ind1=" ">
    <subfield code="9">47</subfield>
    <subfield code="a">COSTA RICA</subfield>
  </datafield>
  <datafield tag="700" ind1="1" ind2=" ">
    <subfield code="9">1856</subfield>
    <subfield code="a">Obando Obando, Felipe</subfield>
  </datafield>
  <datafield tag="700" ind2=" " ind1="1">
    <subfield code="9">1857</subfield>
    <subfield code="a">López, Kattya</subfield>
  </datafield>
  <datafield tag="700" ind1="1" ind2=" ">
    <subfield code="9">1858</subfield>
    <subfield code="a">Cordero, Michelle</subfield>
  </datafield>
  <datafield ind1="1" ind2=" " tag="700">
    <subfield code="9">1859</subfield>
    <subfield code="a">Acuña, Yorleny</subfield>
  </datafield>
  <datafield ind2=" " ind1=" " tag="942">
    <subfield code="2">z</subfield>
    <subfield code="c">01</subfield>
  </datafield>
  <datafield ind2=" " ind1=" " tag="999">
    <subfield code="c">3265</subfield>
    <subfield code="d">3265</subfield>
  </datafield>
</record>